@article{smolarki,
  title={A simple positive definite advection scheme with small implicit diffusion},
  author={Smolarkiewicz, P.K.},
  journal={Monthly Weather Review},
  volume={111},
  number={3},
  pages={479--486},
  year={1983}
}

@article{hartenzwas,
  title={Self-adjusting hybrid schemes for shock computations},
  author={Harten, A. and Zwas, G.},
  journal={Journal of Computational Physics},
  volume={9},
  number={3},
  pages={568--583},
  year={1972},
  publisher={Elsevier}
}

@article{borisbook,
  title={Flux-corrected transport. I. SHASTA, A fluid transport algorithm that works},
  author={Boris, J.P. and Book, D.L.},
  journal={Journal of Computational Physics},
  volume={11},
  number={1},
  pages={38--69},
  year={1973},
  publisher={Elsevier}
}

@article{clarkhall,
  title={A numerical experiment on stochastic condensation theory.},
  author={Clark, T.L. and Hall, WD},
  journal={Journal of Atmospheric Sciences},
  volume={36},
  pages={470--483},
  year={1979}
}

@book{spee,
  title={Sensitivity of atmospheric transport model performance to numerical advection schemes and resolution},
  author={Spee, EJ and Centrum voor Wiskunde en Informatica (Amsterdam, Netherlands)},
  year={1997},
  publisher={Citeseer}
}

@article{lipscomb,
  title={An incremental remapping transport scheme on a spherical geodesic grid},
  author={Lipscomb, W.H. and Ringler, T.D.},
  journal={Monthly weather review},
  volume={133},
  number={8},
  pages={2335--2350},
  year={2005}
}

@article{mpdata,
  title={MPDATA: A Finite-Difference Solver for Geophysical Flows},
  author={Smolarkiewicz, P.K. and Margolin, L.G.},
  journal={Journal of Computational Physics},
  volume={140},
  number={2},
  pages={459--480},
  year={1998},
  publisher={Elsevier}
}

@misc{nodif,
   title={A Fully Lagrangian Advection Scheme},
   author={Mohammad Ali Yassaei and others},
   year={2007}
}