@inproceedings{rasch1998recent,
  title={Recent developments in transport methods at NCAR},
  author={Rasch, P.J. and Lawrence, M.},
  booktitle={MPI Workshop on conservative transport schemes},
  volume={265},
  pages={65--75},
  year={1998},
  organization={Citeseer}
}
